% ГОСТ Р 7.0.11-2011, Приложение Б, Книги
@INBOOK{Nelsen1999,
  title={An Introduction to Copulas},
  author={Nelsen, R.B.},
  pages = {161},
  isbn={9780387986234},
  lccn={98041245},
  series={Lecture notes in statistics},
  year={1999},
  publisher={Springer}
}

@MANUAL{Rcopula,
  title={Multivariate Dependence with Copulas},
  author={Marius Hofert},
  year={2015},
  url={http://cran.r-project.org/web/packages/copula/copula.pdf}
}

@ARTICLE{Cambanis1981368,
title = "On the theory of elliptically contoured distributions ",
journal = "Journal of Multivariate Analysis ",
volume = "11",
number = "3",
pages = "368 - 385",
year = "1981",
note = "",
issn = "0047-259X",
doi = "http://dx.doi.org/10.1016/0047-259X(81)90082-8",
url = "http://www.sciencedirect.com/science/article/pii/0047259X81900828",
author = "Stamatis Cambanis and Steel Huang and Gordon Simons",
}

@MISC{Embrechts01modellingdependence,
author = {Paul Embrechts and Filip Lindskog and Alexander McNeil},
title = {Modelling Dependence with Copulas and Applications to Risk Management},
year = {2001}
}
